<?xml version="1.0" encoding="UTF-8"?><collection xmlns="http://www.loc.gov/MARC21/slim"><record><leader>00410nam--2200133-i-4500</leader><controlfield tag="001">000011688</controlfield><controlfield tag="002">20161230</controlfield><controlfield tag="005">20161230201029</controlfield><controlfield tag="008">060222s1000------------r-----000-0-eng-d</controlfield><datafield ind1=" " ind2=" " tag="080"><subfield code="a">541.14</subfield></datafield><datafield ind1=" " ind2=" " tag="245"><subfield code="a">Photochemistry. an introduction</subfield></datafield><datafield ind1=" " ind2=" " tag="260"><subfield code="a">New York, Academic Press, 1974 Vii + 283 P</subfield></datafield><datafield ind1=" " ind2=" " tag="700"><subfield code="a">Arnold, D.R., Baird, N.C., Bolton, J.R., Brand J.C.D., Jacobs, P.W.M., Mayo P.De And Ware, W</subfield></datafield><datafield ind1=" " ind2=" " tag="852"><subfield code="a">43106</subfield></datafield></record></collection>